@inproceedings{Wadler1989,
  series = {FPCA ’89},
  title = {Theorems for free!},
  url = {http://dx.doi.org/10.1145/99370.99404},
  DOI = {10.1145/99370.99404},
  booktitle = {Proceedings of the fourth international conference on Functional programming languages and computer architecture  - FPCA ’89},
  publisher = {ACM Press},
  author = {Wadler,  Philip},
  year = {1989},
  collection = {FPCA ’89}
}


@inproceedings{Gill1993,
  series = {FPCA93},
  title = {A short cut to deforestation},
  url = {http://dx.doi.org/10.1145/165180.165214},
  DOI = {10.1145/165180.165214},
  booktitle = {Proceedings of the conference on Functional programming languages and computer architecture},
  publisher = {ACM},
  author = {Gill,  Andrew and Launchbury,  John and Peyton Jones,  Simon L.},
  year = {1993},
  month = jul,
  collection = {FPCA93}
}




@article{Harper2011,
  title = {A library writer’s guide to shortcut fusion},
  volume = {46},
  ISSN = {1558-1160},
  url = {http://dx.doi.org/10.1145/2096148.2034682},
  DOI = {10.1145/2096148.2034682},
  number = {12},
  journal = {ACM SIGPLAN Notices},
  publisher = {Association for Computing Machinery (ACM)},
  author = {Harper,  Thomas},
  year = {2011},
  month = sep,
  pages = {47–58}
}